<?xml version="1.0" encoding="UTF-8"?><collection xmlns="http://www.loc.gov/MARC21/slim"><record><leader>00717nam--2200205-i-4500</leader><controlfield tag="001">000038231</controlfield><controlfield tag="002">20161230</controlfield><controlfield tag="005">20161230201041</controlfield><controlfield tag="008">060222s1000------------r-----000-0-ger-d</controlfield><datafield ind1=" " ind2=" " tag="040"><subfield code="a">IFIN-HH</subfield></datafield><datafield ind1=" " ind2=" " tag="041"><subfield code="a">ger</subfield></datafield><datafield ind1=" " ind2=" " tag="080"><subfield code="a">621.375.826:537.533.35</subfield></datafield><datafield ind1="1" ind2=" " tag="100"><subfield code="a">Reimer, Ludwig</subfield></datafield><datafield ind1="1" ind2="0" tag="245"><subfield code="a">Laserbeugung an elektronenmikroskipischen aufnahmen</subfield><subfield code="c">Ludwig reimer, hans-georg badde, ernst drewes, herbert gilde, heinrich kappert, hans-jurgen hohling, dirk barthold von bassewitz, albert rossner</subfield></datafield><datafield ind1=" " ind2=" " tag="260"><subfield code="a">Opladen</subfield><subfield code="b">Westdeutscher Verlag</subfield><subfield code="c">1973</subfield></datafield><datafield ind1=" " ind2=" " tag="300"><subfield code="a">61P</subfield></datafield><datafield ind1=" " ind2=" " tag="490"><subfield code="a">Forschungsberichte Des Landes Nordheinwestfalen</subfield></datafield><datafield ind1="1" ind2=" " tag="700"><subfield code="a">Rossner, Albert</subfield></datafield><datafield ind1=" " ind2=" " tag="852"><subfield code="a">42060</subfield><subfield code="c">537.533.35</subfield></datafield><datafield ind1=" " ind2=" " tag="CAT"><subfield code="a">Sys</subfield><subfield code="c">20110912</subfield><subfield code="h">161231</subfield></datafield></record></collection>